@book{saasbook,
  author={Fox, Armando and Patterson, David},
  title={Engineering Software as a Service: An Agile Approach Using Cloud Computing},
  year={2014},
  publisher={Strawberry Canyon LLC}
}

@book{rails-tutorial,
  author={Michael Hartl},
  title={The Ruby on Rails Tutorial, 4th Edition},
  year={2016},
  publisher={Addison-Wesley}
}

@book{poodr,
  author={Sandi Metz},
  title={Pratical Object-Oriented Design in Ruby: An Agile Primer},
  year={2012},
  publisher={Addison-Wesley}
}

@inproceedings{fox-2014,
 author = {Fox, Armando},
 title = {Using MOOCs to Reinvigorate Software Engineering Education (Keynote)},
 booktitle = {Companion Proceedings of the 36th International Conference on Software Engineering},
 series = {ICSE Companion 2014},
 year = {2014},
 isbn = {978-1-4503-2768-8},
 location = {Hyderabad, India},
 pages = {255--255},
 numpages = {1},
 url = {http://doi.acm.org/10.1145/2591062.2600730},
 doi = {10.1145/2591062.2600730},
 acmid = {2600730},
 publisher = {ACM},
 address = {New York, NY, USA},
 keywords = {Software Engineering Education},
}

@inproceedings{posse-2018,
 author = {Postner, Lori and Ellis, Heidi J.C. and Hislop, Gregory W.},
 title = {A Survey of Instructors' Experiences Supporting Student Learning Using HFOSS Projects},
 booktitle = {Proceedings of the 49th ACM Technical Symposium on Computer Science Education},
 series = {SIGCSE '18},
 year = {2018},
 isbn = {978-1-4503-5103-4},
 location = {Baltimore, Maryland, USA},
 pages = {203--208},
 numpages = {6},
 url = {http://doi.acm.org/10.1145/3159450.3159524},
 doi = {10.1145/3159450.3159524},
 acmid = {3159524},
 publisher = {ACM},
 address = {New York, NY, USA},
 keywords = {HFOSS, computing education, open source software},
} 

@article{hfoss-2018,
 author = {Braught, Grant and Maccormick, John and Bowring, James and Burke, Quinn and Cutler, Barbara and Goldschmidt, David and Krishnamoorthy, Mukkai and Turner, Wesley and Huss-Lederman, Steven and Mackellar, Bonnie and Tucker, Allen},
 title = {A Multi-Institutional Perspective on H/FOSS Projects in the Computing Curriculum},
 journal = {ACM Trans. Comput. Educ.},
 issue_date = {July 2018},
 volume = {18},
 number = {2},
 month = jul,
 year = {2018},
 issn = {1946-6226},
 pages = {7:1--7:31},
 articleno = {7},
 numpages = {31},
 url = {http://doi.acm.org/10.1145/3145476},
 doi = {10.1145/3145476},
 acmid = {3145476},
 publisher = {ACM},
 address = {New York, NY, USA},
 keywords = {FOSS, HFOSS, Open source, capstones, humanitarian, projects},
} 


@article{liu-2009,
 author = {Liu, Shaoying and Takahashi, Kazuhiro and Hayashi, Toshinori and Nakayama, Toshihiro},
 title = {Teaching Formal Methods in the Context of Software Engineering},
 journal = {SIGCSE Bull.},
 issue_date = {June 2009},
 volume = {41},
 number = {2},
 month = jun,
 year = {2009},
 issn = {0097-8418},
 pages = {17--23},
 numpages = {7},
 url = {http://doi.acm.org/10.1145/1595453.1595457},
 doi = {10.1145/1595453.1595457},
 acmid = {1595457},
 publisher = {ACM},
 address = {New York, NY, USA},
 keywords = {education, formal engineering methods, formal methods, software engineering, teaching methods},
}

@article{garcia-2014,
 author = {Garcia, I. A. and Pacheco, C. L.},
 title = {Using TSPi and PBL to Support Software Engineering Education in an Upper-level Undergraduate Course},
 journal = {Comput. Appl. Eng. Educ.},
 issue_date = {December 2014},
 volume = {22},
 number = {4},
 month = dec,
 year = {2014},
 issn = {1061-3773},
 pages = {736--749},
 numpages = {14},
 url = {http://dx.doi.org/10.1002/cae.21566},
 doi = {10.1002/cae.21566},
 acmid = {2768769},
 publisher = {John Wiley \& Sons, Inc.},
 address = {New York, NY, USA},
 keywords = {computers and education, project-based learning, software engineering education, team software process},
} 

@inproceedings{gestwicki-2018,
 author = {Gestwicki, Paul},
 title = {Design and Evaluation of an Undergraduate Course on Software Development Practices},
 booktitle = {Proceedings of the 49th ACM Technical Symposium on Computer Science Education},
 series = {SIGCSE '18},
 year = {2018},
 isbn = {978-1-4503-5103-4},
 location = {Baltimore, Maryland, USA},
 pages = {221--226},
 numpages = {6},
 url = {http://doi.acm.org/10.1145/3159450.3159542},
 doi = {10.1145/3159450.3159542},
 acmid = {3159542},
 publisher = {ACM},
 address = {New York, NY, USA},
 keywords = {agile software craftsmanship, assessment, clean code, course design, education, higher education, test-driven development},
}

@inproceedings{wolz-2007,
 author = {Wolz, Ursula and Pulimood, Sarah Monisha},
 title = {An Integrated Approach to Project Management Through Classic CS III and Video Game Development},
 booktitle = {Proceedings of the 38th SIGCSE Technical Symposium on Computer Science Education},
 series = {SIGCSE '07},
 year = {2007},
 isbn = {1-59593-361-1},
 location = {Covington, Kentucky, USA},
 pages = {322--326},
 numpages = {5},
 url = {http://doi.acm.org/10.1145/1227310.1227422},
 doi = {10.1145/1227310.1227422},
 acmid = {1227422},
 publisher = {ACM},
 address = {New York, NY, USA},
 keywords = {multidisciplinary communication, project management, software engineering, video game design},
} 

@article{coyle-2005,
author = {Coyle, Edward J. and Jamieson, Leah H. and Oakes, William C.},
title = {2005 Bernard M. Gordon Prize Lecture*: Integrating Engineering Education and Community Service: Themes for the Future of Engineering Education},
journal = {Journal of Engineering Education},
volume = {95},
number = {1},
pages = {7-11},
doi = {10.1002/j.2168-9830.2006.tb00873.x},
url = {https://onlinelibrary.wiley.com/doi/abs/10.1002/j.2168-9830.2006.tb00873.x},
eprint = {https://onlinelibrary.wiley.com/doi/pdf/10.1002/j.2168-9830.2006.tb00873.x}
}

@book{curriculum-2013,
 author = {Joint Task Force on Computing Curricula, Association for Computing Machinery (ACM) and IEEE Computer Society},
 title = {Computer Science Curricula 2013: Curriculum Guidelines for Undergraduate Degree Programs in Computer Science},
 year = {2013},
 isbn = {978-1-4503-2309-3},
 note = {999133},
 publisher = {ACM},
 address = {New York, NY, USA},
} 

@misc{grinnell-mission,
  author= {Ellegoc College},
  title = {Mission statement},
  year = {n.d.},
  note = {Online document available at https://www.ellegoc.edu/about/mission}
}
